@book
{
    Wil09,
    title = {Style: the basics of clarity and grace},
    author = {Williams, Joseph M and Bizup, Joseph},
    year = {2009},
    publisher = {Pearson Longman}
}

